%  a sample bibliography file
%  

@article{boulikas2007molecular,
  title={Molecular mechanisms of cisplatin and its liposomally encapsulated form, Lipoplatin™. Lipoplatin™ as a chemotherapy and antiangiogenesis drug},
  author={Boulikas, Teni},
  journal={Cancer ther},
  volume={5},
  pages={351--376},
  year={2007}
}
@article{rafique2010transition,
  title={Transition metal complexes as potential therapeutic agents},
  author={Rafique, Shazia and Idrees, Muhammad and Nasim, Anwar and Akbar, Haji and Athar, Amin},
  journal={Biotechnology and Molecular Biology Reviews},
  volume={5},
  number={2},
  pages={38--45},
  year={2010},
  publisher={Academic Journals}
}

@article{shaili2014platinum,
  title={Platinum anticancer drugs and photochemotherapeutic agents: recent advances and future developments},
  author={Shaili, Evyenia},
  journal={Science progress},
  volume={97},
  number={1},
  pages={20--40},
  year={2014},
  publisher={SAGE Publications Sage UK: London, England}
}
@article{kelland2007resurgence,
  title={The resurgence of platinum-based cancer chemotherapy},
  author={Kelland, Lloyd},
  journal={Nature Reviews Cancer},
  volume={7},
  number={8},
  pages={573--584},
  year={2007},
  publisher={Nature Publishing Group}
}
@article{allison2013photodynamic,
  title={Photodynamic therapy (PDT): PDT mechanisms},
  author={Allison, Ron R and Moghissi, Keyvan},
  journal={Clinical endoscopy},
  volume={46},
  number={1},
  pages={24},
  year={2013},
  publisher={Korean Society of Gastrointestinal Endoscopy}
}
@article{dilruba2016platinum,
  title={Platinum-based drugs: past, present and future},
  author={Dilruba, Shahana and Kalayda, Ganna V},
  journal={Cancer chemotherapy and pharmacology},
  volume={77},
  number={6},
  pages={1103--1124},
  year={2016},
  publisher={Springer}
}
@article{rosenberg1965inhibition,
  title={Inhibition of cell division in Escherichia coli by electrolysis products from a platinum electrode},
  author={Rosenberg, Barnett and Van Camp, Loretta and Krigas, Thomas},
  journal={Nature},
  volume={205},
  number={4972},
  pages={698--699},
  year={1965},
  publisher={Nature Publishing Group}
}
@misc{cancerFacts,
  title = {World Health Organization - Cancer - Key Facts},
  howpublished = {\url{https://www.who.int/en/news-room/fact-sheets/detail/cancer}},
  note = {Accessed: 09-02-2020}
}
@article{liu2017chemical,
  title={Chemical design and synthesis of functionalized probes for imaging and treating tumor hypoxia},
  author={Liu, Jia-nan and Bu, Wenbo and Shi, Jianlin},
  journal={Chemical reviews},
  volume={117},
  number={9},
  pages={6160--6224},
  year={2017},
  publisher={ACS Publications}
}
@article{guo2017prodrug,
  title={Prodrug-embedded angiogenic vessel-targeting nanoparticle: A positive feedback amplifier in hypoxia-induced chemo-photo therapy},
  author={Guo, Dongbo and Xu, Shuting and Wang, Nan and Jiang, Huangyong and Huang, Yu and Jin, Xin and Xue, Bai and Zhang, Chuan and Zhu, Xinyuan},
  journal={Biomaterials},
  volume={144},
  pages={188--198},
  year={2017},
  publisher={Elsevier}
}
@article{yang2015bismuth,
  title={Bismuth complexes: synthesis and applications in biomedicine},
  author={Yang, Yang and Ouyang, Ruizhuo and Xu, Lina and Guo, Ning and Li, Weiwei and Feng, Kai and Ouyang, Lei and Yang, Zhuoyuan and Zhou, Shuang and Miao, Yuqing},
  journal={Journal of Coordination Chemistry},
  volume={68},
  number={3},
  pages={379--397},
  year={2015},
  publisher={Taylor \& Francis}
}
@article{xie2017anticancer,
  title={Anticancer and antiangiogenic iron (II) complexes that target thioredoxin reductase to trigger cancer cell apoptosis},
  author={Xie, Lina and Luo, Zuandi and Zhao, Zhennan and Chen, Tianfeng},
  journal={Journal of medicinal chemistry},
  volume={60},
  number={1},
  pages={202--214},
  year={2017},
  publisher={ACS Publications}
}
@article{burgoyne2017synthesis,
  title={Synthesis and anticancer evaluation of mono-and trinuclear half-sandwich rhodium (III) and iridium (III) complexes based on N, O-salicylaldiminato-sulfonated scaffolds},
  author={Burgoyne, Andrew R and Kaschula, Catherine H and Parker, M Iqbal and Smith, Gregory S},
  journal={Journal of Organometallic Chemistry},
  volume={846},
  pages={100--104},
  year={2017},
  publisher={Elsevier}
}
@article{zhang2016synthesis,
  title={Synthesis, characterization, in vitro cytotoxicity and anticancer effects of ruthenium (II) complexes on BEL-7402 cells},
  author={Zhang, Cheng and Han, Bing-Jie and Zeng, Chuan-Chuan and Lai, Shang-Hai and Li, Wei and Tang, Bing and Wan, Dan and Jiang, Guang-Bin and Liu, Yun-Jun},
  journal={Journal of inorganic biochemistry},
  volume={157},
  pages={62--72},
  year={2016},
  publisher={Elsevier}
}
@article{geldmacher2012rhodium,
  title={Rhodium (III) and iridium (III) complexes as anticancer agents},
  author={Geldmacher, Yvonne and Oleszak, Melanie and Sheldrick, William S},
  journal={Inorganica Chimica Acta},
  volume={393},
  pages={84--102},
  year={2012},
  publisher={Elsevier}
}
@article{lazic2016dna,
  title={DNA binding properties, histidine interaction and cytotoxicity studies of water soluble ruthenium (II) terpyridine complexes},
  author={Lazi{\'c}, Dejan and Arsenijevi{\'c}, Aleksandar and Puchta, Ralph and Bugar{\v{c}}i{\'c}, {\v{Z}}ivadin D and Rilak, Ana},
  journal={Dalton Transactions},
  volume={45},
  number={11},
  pages={4633--4646},
  year={2016},
  publisher={Royal Society of Chemistry}
}
@article{rafique2010transition,
  title={Transition metal complexes as potential therapeutic agents},
  author={Rafique, Shazia and Idrees, Muhammad and Nasim, Anwar and Akbar, Haji and Athar, Amin},
  journal={Biotechnology and Molecular Biology Reviews},
  volume={5},
  number={2},
  pages={38--45},
  year={2010},
  publisher={Academic Journals}
}
@article{kostova2006ruthenium,
  title={Ruthenium complexes as anticancer agents},
  author={Kostova, Irena},
  journal={Current medicinal chemistry},
  volume={13},
  number={9},
  pages={1085--1107},
  year={2006},
  publisher={Bentham Science Publishers}
}
@article{kilian2016fast,
  title={The fast method of Cu-porphyrin complex synthesis for potential use in positron emission tomography imaging},
  author={Kilian, Krzysztof and P{\k{e}}gier, Maria and Pyrzy{\'n}ska, Krystyna},
  journal={Spectrochimica Acta Part A: Molecular and Biomolecular Spectroscopy},
  volume={159},
  pages={123--127},
  year={2016},
  publisher={Elsevier}
}
@article{mansour2016flubendazole,
  title={Flubendazole Pd (II) complexes: structural studies, cytotoxicity, and quantum chemical calculations},
  author={Mansour, Ahmed M and El Bakry, Eslam M and Abdel-Ghani, Nour T},
  journal={Journal of the Iranian Chemical Society},
  volume={13},
  number={8},
  pages={1429--1437},
  year={2016},
  publisher={Springer}
}
@article{zhang2012synthesis,
  title={Synthesis, characterization, crystal structure and biological activities of the unusual main group 8-coordinate bismuth (III) complex derived from 2-acetylpyrazine N4-pyridylthiosemicarbazone},
  author={Zhang, Li-Zhi and An, Guo-Yong and Yang, Min and Li, Ming-Xue and Zhu, Xian-Feng},
  journal={Inorganic Chemistry Communications},
  volume={20},
  pages={37--40},
  year={2012},
  publisher={Elsevier}
}
@article{lewis2016chemical,
  title={The chemical biology of Cu (II) complexes with imidazole or thiazole containing ligands: synthesis, crystal structures and comparative biological activity},
  author={Lewis, Adam and McDonald, Molly and Scharbach, Stephanie and Hamaway, Stefan and Plooster, Melissa and Peters, Kyle and Fox, Kristin M and Cassimeris, Lynne and Tanski, Joseph M and Tyler, Laurie A},
  journal={Journal of inorganic biochemistry},
  volume={157},
  pages={52--61},
  year={2016},
  publisher={Elsevier}
}
@article{estrada2017iron,
  title={Iron (III) pincer complexes as a strategy for anticancer studies},
  author={Estrada-Monta{\~n}o, Aldo S and Ryabov, Alexander D and Gries, Alexandre and Gaiddon, Christian and Le Lagadec, Ronan},
  journal={European Journal of Inorganic Chemistry},
  volume={2017},
  number={12},
  pages={1673--1678},
  year={2017},
  publisher={Wiley Online Library}
}
@article{kopf1984ferricenium,
  title={Ferricenium complexes: a new type of water-soluble antitumor agent},
  author={K{\"o}pf-Maier, P and K{\"o}pf, H and Neuse, EW},
  journal={Journal of cancer research and clinical oncology},
  volume={108},
  number={3},
  pages={336--340},
  year={1984},
  publisher={Springer}
}
@article{fairweather2004iron,
  title={Iron nutrition in the UK: getting the balance right},
  author={Fairweather-Tait, Susan J},
  journal={Proceedings of the Nutrition Society},
  volume={63},
  number={4},
  pages={519--528},
  year={2004},
  publisher={Cambridge University Press}
}
@article{rajalakshmi2014dna,
  title={DNA condensation by copper (II) complexes and their anti-proliferative effect on cancerous and normal fibroblast cells},
  author={Rajalakshmi, Subramaniyam and Kiran, Manikantan Syamala and Nair, Balachandran Unni},
  journal={European journal of medicinal chemistry},
  volume={80},
  pages={393--406},
  year={2014},
  publisher={Elsevier}
}
@article{mansour2016flubendazole,
  title={Flubendazole Pd (II) complexes: structural studies, cytotoxicity, and quantum chemical calculations},
  author={Mansour, Ahmed M and El Bakry, Eslam M and Abdel-Ghani, Nour T},
  journal={Journal of the Iranian Chemical Society},
  volume={13},
  number={8},
  pages={1429--1437},
  year={2016},
  publisher={Springer}
}
@article{rodic2016synthesis,
  title={Synthesis, characterization, cytotoxicity and antiangiogenic activity of copper (II) complexes with 1-adamantoyl hydrazone bearing pyridine rings},
  author={Rodi{\'c}, Marko V and Leovac, Vukadin M and Jovanovi{\'c}, Ljiljana S and Spasojevi{\'c}, Vojislav and Joksovi{\'c}, Milan D and Stanojkovi{\'c}, Tatjana and Mati{\'c}, Ivana Z and Vojinovi{\'c}-Je{\v{s}}i{\'c}, Ljiljana S and Markovi{\'c}, Violeta},
  journal={European journal of medicinal chemistry},
  volume={115},
  pages={75--81},
  year={2016},
  publisher={Elsevier}
}
@article{ayyannan2016design,
  title={Design, synthesis, structure and biological evaluation of new palladium (II) hydrazone complexes},
  author={Ayyannan, Ganesan and Mohanraj, Maruthachalam and Raja, Gunasekaran and Bhuvanesh, Nanjan and Nandhakumar, Raju and Jayabalakrishnan, Chinnasamy},
  journal={Inorganica Chimica Acta},
  volume={453},
  pages={562--573},
  year={2016},
  publisher={Elsevier}
}
@article{song2016perfluorocarbon,
  title={Perfluorocarbon-loaded hollow Bi2Se3 nanoparticles for timely supply of oxygen under near-infrared light to enhance the radiotherapy of cancer},
  author={Song, Guosheng and Liang, Chao and Yi, Xuan and Zhao, Qi and Cheng, Liang and Yang, Kai and Liu, Zhuang},
  journal={Advanced materials},
  volume={28},
  number={14},
  pages={2716--2723},
  year={2016},
  publisher={Wiley Online Library}
}
@article{garoufis2009palladium,
  title={Palladium coordination compounds as anti-viral, anti-fungal, anti-microbial and anti-tumor agents},
  author={Garoufis, A and Hadjikakou, SK and Hadjiliadis, N},
  journal={Coordination Chemistry Reviews},
  volume={253},
  number={9-10},
  pages={1384--1397},
  year={2009},
  publisher={Elsevier}
}
@article{ferreira2016bismuth,
  title={Bismuth (III) complexes with 2-acetylpyridine-and 2-benzoylpyridine-derived hydrazones: Antimicrobial and cytotoxic activities and effects on the clonogenic survival of human solid tumor cells},
  author={Ferreira, Isabella P and Pil{\'o}, Elisa DL and Recio-Despaigne, Angel A and Da Silva, Jeferson G and Ramos, Jonas P and Marques, Lucas B and Prazeres, Pedro HDM and Takahashi, Jacqueline A and Souza-Fagundes, Elaine M and Rocha, Willian and others},
  journal={Bioorganic \& medicinal chemistry},
  volume={24},
  number={13},
  pages={2988--2998},
  year={2016},
  publisher={Elsevier}
}
@article{islam2016cytotoxicity,
  title={Cytotoxicity and apoptotic activity of novel organobismuth (V) and organoantimony (V) complexes in different cancer cell lines},
  author={Islam, Arshad and Rodrigues, Bernardo Lages and Marzano, Ivana Marques and Perreira-Maia, Elene C and Dittz, Dalton and Lopes, Miriam Teresa Paz and Ishfaq, Muhammad and Fr{\'e}zard, Fr{\'e}d{\'e}ric and Demicheli, Cynthia},
  journal={European journal of medicinal chemistry},
  volume={109},
  pages={254--267},
  year={2016},
  publisher={Elsevier}

@article{li2012nine,
  title={A nine-coordinated bismuth (III) complex derived from pentadentate 2, 6-diacetylpyridine bis (4 N-methylthiosemicarbazone): crystal structure and both in vitro and in vivo biological evaluation},
  author={Li, Ming-Xue and Yang, Min and Niu, Jing-Yang and Zhang, Li-Zhi and Xie, Song-Qiang},
  journal={Inorganic chemistry},
  volume={51},
  number={22},
  pages={12521--12526},
  year={2012},
  publisher={ACS Publications}
}
@article{yang2007biocoordination,
  title={Biocoordination chemistry of bismuth: Recent advances},
  author={Yang, Nan and Sun, Hongzhe},
  journal={Coordination chemistry reviews},
  volume={251},
  number={17-20},
  pages={2354--2366},
  year={2007},
  publisher={Elsevier}
}
@article{marzano2013crystal,
  title={Crystal structure, antibacterial and cytotoxic activities of a new complex of bismuth (III) with sulfapyridine},
  author={Marzano, Ivana M and Franco, Marina S and Silva, Priscila P and Augusti, Rodinei and Santos, Geandson C and Fernandes, Nelson G and Bucciarelli-Rodriguez, M{\^o}nica and Chartone-Souza, Edmar and Pereira-Maia, Elene C},
  journal={Molecules},
  volume={18},
  number={2},
  pages={1464--1476},
  year={2013},
  publisher={Multidisciplinary Digital Publishing Institute}
}
@article{ouyang2017potent,
  title={Potent anticancer activity of a new bismuth (III) complex against human lung cancer cells},
  author={Ouyang, Ruizhuo and Yang, Yang and Tong, Xiao and Feng, Kai and Yang, Yaoqin and Tao, Huihong and Zhang, Xiaoshen and Zong, Tianyu and Cao, Penghui and Xiong, Fei and others},
  journal={Journal of inorganic biochemistry},
  volume={168},
  pages={18--26},
  year={2017},
  publisher={Elsevier}
}
@article{kowalik2019recent,
  title={Recent research trends on bismuth compounds in cancer chemo-and radiotherapy},
  author={Kowalik, Mateusz and Masternak, Joanna and Barszcz, Barbara},
  journal={Current medicinal chemistry},
  volume={26},
  number={4},
  pages={729--759},
  year={2019},
  publisher={Bentham Science Publishers}
}
@article{guo2018platinum,
  title={Platinum (IV) complex-based two-in-one polyprodrug for a combinatorial chemo-photodynamic therapy},
  author={Guo, Dongbo and Xu, Shuting and Huang, Yu and Jiang, Huangyong and Yasen, Wumaier and Wang, Nan and Su, Yue and Qian, Jiwen and Li, Jing and Zhang, Chuan and others},
  journal={Biomaterials},
  volume={177},
  pages={67--77},
  year={2018},
  publisher={Elsevier}
}